@ARTICLE{alonso-herrero2003,
   author = {{Alonso-Herrero}, A. and {Rieke}, G.~H. and {Rieke}, M.~J. and 
	{Kelly}, D.~M.},
    title = "{The [Fe II] 1.644 Micron Emission in M82 and NGC 253: Is It a Measure of the Supernova Rate?}",
  journal = {\aj},
   eprint = {astro-ph/0212142},
 keywords = {Galaxies: Individual: Messier Number: M82, Galaxies: Individual: NGC Number: NGC 253, Galaxies: Nuclei, Galaxies: Stellar Content, Infrared Radiation},
     year = 2003,
    month = mar,
   volume = 125,
    pages = {1210-1225},
      doi = {10.1086/367790},
   adsurl = {http://adsabs.harvard.edu/abs/2003AJ....125.1210A},
  adsnote = {Provided by the SAO/NASA Astrophysics Data System}
}

@ARTICLE{aniano2011,
   author = {{Aniano}, G. and {Draine}, B.~T. and {Gordon}, K.~D. and {Sandstrom}, K.
	},
    title = "{Common-Resolution Convolution Kernels for Space- and Ground-Based Telescopes}",
  journal = {\pasp},
archivePrefix = "arXiv",
   eprint = {1106.5065},
 primaryClass = "astro-ph.IM",
     year = 2011,
    month = oct,
   volume = 123,
    pages = {1218},
      doi = {10.1086/662219},
   adsurl = {http://adsabs.harvard.edu/abs/2011PASP..123.1218A},
  adsnote = {Provided by the SAO/NASA Astrophysics Data System}
}

@ARTICLE{bakes1994,
   author = {{Bakes}, E.~L.~O. and {Tielens}, A.~G.~G.~M.},
    title = "{The photoelectric heating mechanism for very small graphitic grains and polycyclic aromatic hydrocarbons}",
  journal = {\apj},
 keywords = {Cosmic Dust, Gas Heating, Interstellar Gas, Interstellar Matter, Molecular Interactions, Photoelectric Effect, Polycyclic Aromatic Hydrocarbons, Charge Distribution, Cooling Flows (Astrophysics), Cosmic Background Explorer Satellite, Gas Temperature, Ion Recombination, Ionization Potentials},
     year = 1994,
    month = jun,
   volume = 427,
    pages = {822-838},
      doi = {10.1086/174188},
   adsurl = {http://adsabs.harvard.edu/abs/1994ApJ...427..822B},
  adsnote = {Provided by the SAO/NASA Astrophysics Data System}
}

@ARTICLE{bauschlicher2008,
   author = {{Bauschlicher}, Jr., C.~W. and {Peeters}, E. and {Allamandola}, L.~J.
	},
    title = "{The Infrared Spectra of Very Large, Compact, Highly Symmetric, Polycyclic Aromatic Hydrocarbons (PAHs)}",
  journal = {\apj},
archivePrefix = "arXiv",
   eprint = {0802.1071},
 keywords = {astrochemistry, infrared: ISM, ISM: lines and bands, ISM: molecules, line: identification, molecular data, techniques: spectroscopic },
     year = 2008,
    month = may,
   volume = 678,
      eid = {316-327},
    pages = {316-327},
      doi = {10.1086/533424},
   adsurl = {http://adsabs.harvard.edu/abs/2008ApJ...678..316B},
  adsnote = {Provided by the SAO/NASA Astrophysics Data System}
}

@ARTICLE{berne2009,
   author = {{Bern{\'e}}, O. and {Fuente}, A. and {Goicoechea}, J.~R. and 
	{Pilleri}, P. and {Gonz{\'a}lez-Garc{\'{\i}}a}, M. and {Joblin}, C.
	},
    title = "{Mid-Infrared Polycyclic Aromatic Hydrocarbon and H$_{2}$ Emission as a Probe of Physical Conditions in Extreme Photodissociation Regions}",
  journal = {\apjl},
archivePrefix = "arXiv",
   eprint = {0910.3935},
 keywords = {infrared: ISM, ISM: lines and bands, ISM: molecules},
     year = 2009,
    month = nov,
   volume = 706,
    pages = {L160-L163},
      doi = {10.1088/0004-637X/706/1/L160},
   adsurl = {http://adsabs.harvard.edu/abs/2009ApJ...706L.160B},
  adsnote = {Provided by the SAO/NASA Astrophysics Data System}
}


@ARTICLE{bianchi2005,
   author = {{Bianchi}, L. and {Thilker}, D.~A. and {Burgarella}, D. and 
	{Friedman}, P.~G. and {Hoopes}, C.~G. and {Boissier}, S. and 
	{Gil de Paz}, A. and {Barlow}, T.~A. and {Byun}, Y.-I. and {Donas}, J. and 
	{Forster}, K. and {Heckman}, T.~M. and {Jelinsky}, P.~N. and 
	{Lee}, Y.-W. and {Madore}, B.~F. and {Malina}, R.~F. and {Martin}, D.~C. and 
	{Milliard}, B. and {Morrissey}, P. and {Neff}, S.~G. and {Rich}, R.~M. and 
	{Schiminovich}, D. and {Siegmund}, O.~H.~W. and {Small}, T. and 
	{Szalay}, A.~S. and {Welsh}, B.~Y. and {Wyder}, T.~K.},
    title = "{Recent Star Formation in Nearby Galaxies from Galaxy Evolution Explorer Imaging: M101 and M51}",
  journal = {\apjl},
   eprint = {astro-ph/0411408},
 keywords = {Galaxies: Individual: Messier Number: M51, Galaxies: Individual: Messier Number: M101, Galaxies: Star Clusters, Ultraviolet: Galaxies},
     year = 2005,
    month = jan,
   volume = 619,
    pages = {L71-L74},
      doi = {10.1086/422685},
   adsurl = {http://adsabs.harvard.edu/abs/2005ApJ...619L..71B},
  adsnote = {Provided by the SAO/NASA Astrophysics Data System}
}

@ARTICLE{boyer2012,
   author = {{Boyer}, M.~L. and {Srinivasan}, S. and {Riebel}, D. and {McDonald}, I. and 
	{van Loon}, J.~T. and {Clayton}, G.~C. and {Gordon}, K.~D. and 
	{Meixner}, M. and {Sargent}, B.~A. and {Sloan}, G.~C.},
    title = "{The Dust Budget of the Small Magellanic Cloud: Are Asymptotic Giant Branch Stars the Primary Dust Source at Low Metallicity?}",
  journal = {\apj},
archivePrefix = "arXiv",
   eprint = {1201.5384},
 primaryClass = "astro-ph.SR",
 keywords = {dust, extinction, Magellanic Clouds, stars: AGB and post-AGB, supernovae: general},
     year = 2012,
    month = mar,
   volume = 748,
      eid = {40},
    pages = {40},
      doi = {10.1088/0004-637X/748/1/40},
   adsurl = {http://adsabs.harvard.edu/abs/2012ApJ...748...40B},
  adsnote = {Provided by the SAO/NASA Astrophysics Data System}
}

@ARTICLE{boyer2013,
   author = {{Boyer}, M.~L. and {Girardi}, L. and {Marigo}, P. and {Williams}, B.~F. and 
	{Aringer}, B. and {Nowotny}, W. and {Rosenfield}, P. and {Dorman}, C.~E. and 
	{Guhathakurta}, P. and {Dalcanton}, J.~J. and {Melbourne}, J.~L. and 
	{Olsen}, K.~A.~G. and {Weisz}, D.~R.},
    title = "{Is There a Metallicity Ceiling to Form Carbon Stars?{\mdash}A Novel Technique Reveals a Scarcity of C stars in the Inner M31 Disk}",
  journal = {\apj},
archivePrefix = "arXiv",
   eprint = {1307.4081},
 primaryClass = "astro-ph.SR",
 keywords = {galaxies: individual: M31, stars: AGB and post-AGB, stars: carbon, stars: late-type },
     year = 2013,
    month = sep,
   volume = 774,
      eid = {83},
    pages = {83},
      doi = {10.1088/0004-637X/774/1/83},
   adsurl = {http://adsabs.harvard.edu/abs/2013ApJ...774...83B},
  adsnote = {Provided by the SAO/NASA Astrophysics Data System}
}

@ARTICLE{brunner2008,
   author = {{Brunner}, G. and {Sheth}, K. and {Armus}, L. and {Wolfire}, M. and 
	{Vogel}, S. and {Schinnerer}, E. and {Helou}, G. and {Dufour}, R. and 
	{Smith}, J.-D. and {Dale}, D.~A.},
    title = "{Warm Molecular Gas in M51: Mapping the Excitation Temperature and Mass of H$_{2}$ with the Spitzer Infrared Spectrograph}",
  journal = {\apj},
archivePrefix = "arXiv",
   eprint = {0712.0022},
 keywords = {galaxies: individual: M51, galaxies: ISM, ISM: molecules},
     year = 2008,
    month = mar,
   volume = 675,
      eid = {316-329},
    pages = {316-329},
      doi = {10.1086/524348},
   adsurl = {http://adsabs.harvard.edu/abs/2008ApJ...675..316B},
  adsnote = {Provided by the SAO/NASA Astrophysics Data System}
}

@ARTICLE{bruursema2014,
   author = {{Bruursema}, J. and {Meixner}, M. and {Long}, K.~S. and {Otsuka}, M.
	},
    title = "{A Search for Supernova Remnants in NGC 6946 Using the [Fe II] 1.64 {$\mu$}m Line}",
  journal = {\aj},
 keywords = {galaxies: individual: NGC 6946, ISM: supernova remnants},
     year = 2014,
    month = sep,
   volume = 148,
      eid = {41},
    pages = {41},
      doi = {10.1088/0004-6256/148/3/41},
   adsurl = {http://cdsads.u-strasbg.fr/abs/2014AJ....148...41B},
  adsnote = {Provided by the SAO/NASA Astrophysics Data System}
}

@ARTICLE{brown2014,
   author = {{Brown}, M.~J.~I. and {Moustakas}, J. and {Smith}, J.-D.~T. and 
	{da Cunha}, E. and {Jarrett}, T.~H. and {Imanishi}, M. and {Armus}, L. and 
	{Brandl}, B.~R. and {Peek}, J.~E.~G.},
    title = "{An Atlas of Galaxy Spectral Energy Distributions from the Ultraviolet to the Mid-infrared}",
  journal = {\apjs},
archivePrefix = "arXiv",
   eprint = {1312.3029},
 keywords = {atlases, galaxies: general, galaxies: photometry, techniques: spectroscopic},
     year = 2014,
    month = jun,
   volume = 212,
      eid = {18},
    pages = {18},
      doi = {10.1088/0067-0049/212/2/18},
   adsurl = {http://adsabs.harvard.edu/abs/2014ApJS..212...18B},
  adsnote = {Provided by the SAO/NASA Astrophysics Data System}
}

@ARTICLE{bullock2005,
   author = {{Bullock}, J.~S. and {Johnston}, K.~V.},
    title = "{Tracing Galaxy Formation with Stellar Halos. I. Methods}",
  journal = {\apj},
   eprint = {astro-ph/0506467},
 keywords = {Cosmology: Dark Matter, Galaxies: Dwarf, Galaxies: Evolution, Galaxies: Formation, Galaxies: Halos, Galaxies: Kinematics and Dynamics, Galaxy: Evolution, Galaxy: Formation, Galaxy: Halo, Galaxy: Kinematics and Dynamics, Galaxies: Local Group},
     year = 2005,
    month = dec,
   volume = 635,
    pages = {931-949},
      doi = {10.1086/497422},
   adsurl = {http://adsabs.harvard.edu/abs/2005ApJ...635..931B},
  adsnote = {Provided by the SAO/NASA Astrophysics Data System}
}


@ARTICLE{calzetti2015,
   author = {{Calzetti}, D. and {Lee}, J.~C. and {Sabbi}, E. and {Adamo}, A. and 
	{Smith}, L.~J. and {Andrews}, J.~E. and {Ubeda}, L. and {Bright}, S.~N. and 
	{Thilker}, D. and {Aloisi}, A. and {Brown}, T.~M. and {Chandar}, R. and 
	{Christian}, C. and {Cignoni}, M. and {Clayton}, G.~C. and {da Silva}, R. and 
	{de Mink}, S.~E. and {Dobbs}, C. and {Elmegreen}, B.~G. and 
	{Elmegreen}, D.~M. and {Evans}, A.~S. and {Fumagalli}, M. and 
	{Gallagher}, III, J.~S. and {Gouliermis}, D.~A. and {Grebel}, E.~K. and 
	{Herrero}, A. and {Hunter}, D.~A. and {Johnson}, K.~E. and {Kennicutt}, R.~C. and 
	{Kim}, H. and {Krumholz}, M.~R. and {Lennon}, D. and {Levay}, K. and 
	{Martin}, C. and {Nair}, P. and {Nota}, A. and {{\"O}stlin}, G. and 
	{Pellerin}, A. and {Prieto}, J. and {Regan}, M.~W. and {Ryon}, J.~E. and 
	{Schaerer}, D. and {Schiminovich}, D. and {Tosi}, M. and {Van Dyk}, S.~D. and 
	{Walterbos}, R. and {Whitmore}, B.~C. and {Wofford}, A.},
    title = "{Legacy Extragalactic UV Survey (LEGUS) With the Hubble Space Telescope. I. Survey Description}",
  journal = {\aj},
archivePrefix = "arXiv",
   eprint = {1410.7456},
 keywords = {galaxies: general, galaxies: star clusters: general, galaxies: star formation, galaxies: stellar content, ultraviolet: galaxies, ultraviolet: stars},
     year = 2015,
    month = feb,
   volume = 149,
      eid = {51},
    pages = {51},
      doi = {10.1088/0004-6256/149/2/51},
   adsurl = {http://adsabs.harvard.edu/abs/2015AJ....149...51C},
  adsnote = {Provided by the SAO/NASA Astrophysics Data System}
}

@ARTICLE{calzetti2005,
   author = {{Calzetti}, D. and {Kennicutt}, Jr., R.~C. and {Bianchi}, L. and 
	{Thilker}, D.~A. and {Dale}, D.~A. and {Engelbracht}, C.~W. and 
	{Leitherer}, C. and {Meyer}, M.~J. and {Sosey}, M.~L. and {Mutchler}, M. and 
	{Regan}, M.~W. and {Thornley}, M.~D. and {Armus}, L. and {Bendo}, G.~J. and 
	{Boissier}, S. and {Boselli}, A. and {Draine}, B.~T. and {Gordon}, K.~D. and 
	{Helou}, G. and {Hollenbach}, D.~J. and {Kewley}, L. and {Madore}, B.~F. and 
	{Martin}, D.~C. and {Murphy}, E.~J. and {Rieke}, G.~H. and {Rieke}, M.~J. and 
	{Roussel}, H. and {Sheth}, K. and {Smith}, J.~D. and {Walter}, F. and 
	{White}, B.~A. and {Yi}, S. and {Scoville}, N.~Z. and {Polletta}, M. and 
	{Lindler}, D.},
    title = "{Star Formation in NGC 5194 (M51a): The Panchromatic View from GALEX to Spitzer}",
  journal = {\apj},
   eprint = {astro-ph/0507427},
 keywords = {Galaxies: Interactions, Galaxies: ISM, Galaxies: Starburst, ISM: Structure},
     year = 2005,
    month = nov,
   volume = 633,
    pages = {871-893},
      doi = {10.1086/466518},
   adsurl = {http://adsabs.harvard.edu/abs/2005ApJ...633..871C},
  adsnote = {Provided by the SAO/NASA Astrophysics Data System}
}

@ARTICLE{carlberg1999,
   author = {{Carlberg}, R.~G.},
    title = "{Star Stream Folding by Dark Galactic Subhalos}",
  journal = {\apjl},
archivePrefix = "arXiv",
   eprint = {0908.4345},
 keywords = {dark matter, galaxies: dwarf, Galaxy: halo, Galaxy: kinematics and dynamics, Galaxy: structure, Local Group},
     year = 2009,
    month = nov,
   volume = 705,
    pages = {L223-L226},
      doi = {10.1088/0004-637X/705/2/L223},
   adsurl = {http://adsabs.harvard.edu/abs/2009ApJ...705L.223C},
  adsnote = {Provided by the SAO/NASA Astrophysics Data System}
}


@ARTICLE{chandar2016,
   author = {{Chandar}, R. and {Whitmore}, B.~C. and {Dinino}, D. and {Kennicutt}, R.~C. and 
	{Chien}, L.-H. and {Schinnerer}, E. and {Meidt}, S.},
    title = "{The Age, Mass, and Size Distributions of Star Clusters in M51}",
  journal = {\apj},
 keywords = {galaxies: individual: M51, galaxies: starburst, galaxies: star clusters: general, stars: formation},
     year = 2016,
    month = jun,
   volume = 824,
      eid = {71},
    pages = {71},
      doi = {10.3847/0004-637X/824/2/71},
   adsurl = {http://adsabs.harvard.edu/abs/2016ApJ...824...71C},
  adsnote = {Provided by the SAO/NASA Astrophysics Data System}
}

@ARTICLE{chen2015,
   author = {{Chen}, H. and {Gao}, Y. and {Braine}, J. and {Gu}, Q.},
    title = "{Spatially Resolved Dense Molecular Gas and Star Formation Rate in M51}",
  journal = {\apj},
archivePrefix = "arXiv",
   eprint = {1507.08506},
 keywords = {galaxies: individual: M51, NGC 5194, galaxies: ISM, ISM: molecules, radio lines: galaxies},
     year = 2015,
    month = sep,
   volume = 810,
      eid = {140},
    pages = {140},
      doi = {10.1088/0004-637X/810/2/140},
   adsurl = {http://adsabs.harvard.edu/abs/2015ApJ...810..140C},
  adsnote = {Provided by the SAO/NASA Astrophysics Data System}
}

@ARTICLE{chen2017,
   author = {{Chen}, H. and {Braine}, J. and {Gao}, Y. and {Koda}, J. and 
	{Gu}, Q.},
    title = "{Dense Gas in the Outer Spiral Arm of M51}",
  journal = {\apj},
archivePrefix = "arXiv",
   eprint = {1612.00459},
 keywords = {galaxies: individual: M51, NGC 5194, galaxies: ISM, galaxies: star formation, ISM: molecules, radio lines: galaxies},
     year = 2017,
    month = feb,
   volume = 836,
      eid = {101},
    pages = {101},
      doi = {10.3847/1538-4357/836/1/101},
   adsurl = {http://adsabs.harvard.edu/abs/2017ApJ...836..101C},
  adsnote = {Provided by the SAO/NASA Astrophysics Data System}
}

@ARTICLE{colina2015,
   author = {{Colina}, L. and {Piqueras L{\'o}pez}, J. and {Arribas}, S. and 
	{Riffel}, R. and {Riffel}, R.~A. and {Rodriguez-Ardila}, A. and 
	{Pastoriza}, M. and {Storchi-Bergmann}, T. and {Alonso-Herrero}, A. and 
	{Sales}, D.},
    title = "{Understanding the two-dimensional ionization structure in luminous infrared galaxies. A near-IR integral field spectroscopy perspective}",
  journal = {\aap},
archivePrefix = "arXiv",
   eprint = {1504.02724},
 keywords = {galaxies: general, galaxies: evolution, galaxies: starburst, galaxies: structure, galaxies: Seyfert, infrared: galaxies},
     year = 2015,
    month = jun,
   volume = 578,
      eid = {A48},
    pages = {A48},
      doi = {10.1051/0004-6361/201425567},
   adsurl = {http://adsabs.harvard.edu/abs/2015A%26A...578A..48C},
  adsnote = {Provided by the SAO/NASA Astrophysics Data System}
}

@ARTICLE{colombo2014,
   author = {{Colombo}, D. and {Hughes}, A. and {Schinnerer}, E. and {Meidt}, S.~E. and 
	{Leroy}, A.~K. and {Pety}, J. and {Dobbs}, C.~L. and {Garc{\'{\i}}a-Burillo}, S. and 
	{Dumas}, G. and {Thompson}, T.~A. and {Schuster}, K.~F. and 
	{Kramer}, C.},
    title = "{The PdBI Arcsecond Whirlpool Survey (PAWS): Environmental Dependence of Giant Molecular Cloud Properties in M51}",
  journal = {\apj},
archivePrefix = "arXiv",
   eprint = {1401.1505},
 primaryClass = "astro-ph.GA",
 keywords = {evolution, galaxies: individual: M51 NGC 5194, galaxies: spiral, galaxies: star formation, ISM: clouds, ISM: structure},
     year = 2014,
    month = mar,
   volume = 784,
      eid = {3},
    pages = {3},
      doi = {10.1088/0004-637X/784/1/3},
   adsurl = {http://adsabs.harvard.edu/abs/2014ApJ...784....3C},
  adsnote = {Provided by the SAO/NASA Astrophysics Data System}
}
@ARTICLE{cooper2010,
   author = {{Cooper}, A.~P. and {Cole}, S. and {Frenk}, C.~S. and {White}, S.~D.~M. and 
	{Helly}, J. and {Benson}, A.~J. and {De Lucia}, G. and {Helmi}, A. and 
	{Jenkins}, A. and {Navarro}, J.~F. and {Springel}, V. and {Wang}, J.
	},
    title = "{Galactic stellar haloes in the CDM model}",
  journal = {\mnras},
archivePrefix = "arXiv",
   eprint = {0910.3211},
 primaryClass = "astro-ph.GA",
 keywords = {methods: numerical, Galaxy: halo, galaxies: dwarf, galaxies: formation, galaxies: haloes, galaxies: structure},
     year = 2010,
    month = aug,
   volume = 406,
    pages = {744-766},
      doi = {10.1111/j.1365-2966.2010.16740.x},
   adsurl = {http://adsabs.harvard.edu/abs/2010MNRAS.406..744C},
  adsnote = {Provided by the SAO/NASA Astrophysics Data System}
}

@ARTICLE{corbelli2017,
   author = {{Corbelli}, E. and {Braine}, J. and {Bandiera}, R. and {Brouillet}, N. and 
	{Combes}, F. and {Druard}, C. and {Gratier}, P. and {Mata}, J. and 
	{Schuster}, K. and {Xilouris}, M. and {Palla}, F.},
    title = "{From molecules to young stellar clusters: the star formation cycle across the disk of M 33}",
  journal = {\aap},
archivePrefix = "arXiv",
   eprint = {1703.09183},
 keywords = {galaxies: individual: M 33, galaxies: star formation, galaxies: ISM, infrared: ISM, ISM: molecules},
     year = 2017,
    month = may,
   volume = 601,
      eid = {A146},
    pages = {A146},
      doi = {10.1051/0004-6361/201630034},
   adsurl = {http://adsabs.harvard.edu/abs/2017A%26A...601A.146C},
  adsnote = {Provided by the SAO/NASA Astrophysics Data System}
}

@ARTICLE{croxall2015,
   author = {{Croxall}, K.~V. and {Pogge}, R.~W. and {Berg}, D.~A. and {Skillman}, E.~D. and 
	{Moustakas}, J.},
    title = "{CHAOS II. Gas-phase Abundances in NGC 5194}",
  journal = {\apj},
archivePrefix = "arXiv",
   eprint = {1501.02272},
 keywords = {galaxies: abundances, galaxies: individual: NGC 5194, galaxies: spiral, H ii regions, ISM: abundances},
     year = 2015,
    month = jul,
   volume = 808,
      eid = {42},
    pages = {42},
      doi = {10.1088/0004-637X/808/1/42},
   adsurl = {http://adsabs.harvard.edu/abs/2015ApJ...808...42C},
  adsnote = {Provided by the SAO/NASA Astrophysics Data System}
}

@ARTICLE{croxall2012,
   author = {{Croxall}, K.~V. and {Smith}, J.~D. and {Wolfire}, M.~G. and 
	{Roussel}, H. and {Sandstrom}, K.~M. and {Draine}, B.~T. and 
	{Aniano}, G. and {Dale}, D.~A. and {Armus}, L. and {Beir{\~a}o}, P. and 
	{Helou}, G. and {Bolatto}, A.~D. and {Appleton}, P.~N. and {Brandl}, B.~R. and 
	{Calzetti}, D. and {Crocker}, A.~F. and {Galametz}, M. and {Groves}, B.~A. and 
	{Hao}, C.-N. and {Hunt}, L.~K. and {Johnson}, B.~D. and {Kennicutt}, R.~C. and 
	{Koda}, J. and {Krause}, O. and {Li}, Y. and {Meidt}, S.~E. and 
	{Murphy}, E.~J. and {Rahman}, N. and {Rix}, H.-W. and {Sauvage}, M. and 
	{Schinnerer}, E. and {Walter}, F. and {Wilson}, C.~D.},
    title = "{Resolving the Far-IR Line Deficit: Photoelectric Heating and Far-IR Line Cooling in NGC 1097 and NGC 4559}",
  journal = {\apj},
archivePrefix = "arXiv",
   eprint = {1201.1016},
 keywords = {galaxies: individual: NGC 1097 NGC 4559, galaxies: ISM, ISM: lines and bands},
     year = 2012,
    month = mar,
   volume = 747,
      eid = {81},
    pages = {81},
      doi = {10.1088/0004-637X/747/1/81},
   adsurl = {http://adsabs.harvard.edu/abs/2012ApJ...747...81C},
  adsnote = {Provided by the SAO/NASA Astrophysics Data System}
}

@ARTICLE{dale2004,
   author = {{Dale}, D.~A. and {Roussel}, H. and {Contursi}, A. and {Helou}, G. and 
	{Dinerstein}, H.~L. and {Hunter}, D.~A. and {Hollenbach}, D.~J. and 
	{Egami}, E. and {Matthews}, K. and {Murphy}, Jr., T.~W. and 
	{Lafon}, C.~E. and {Rubin}, R.~H.},
    title = "{Near-Infrared Integral Field Spectroscopy of Star-forming Galaxies}",
  journal = {\apj},
   eprint = {astro-ph/0310383},
 keywords = {Galaxies: ISM, ISM: H II Regions, Infrared: Galaxies, Stars: Formation},
     year = 2004,
    month = feb,
   volume = 601,
    pages = {813-830},
      doi = {10.1086/380753},
   adsurl = {http://adsabs.harvard.edu/abs/2004ApJ...601..813D},
  adsnote = {Provided by the SAO/NASA Astrophysics Data System}
}

@ARTICLE{dale2006,
   author = {{Dale}, D.~A. and {Smith}, J.~D.~T. and {Armus}, L. and {Buckalew}, B.~A. and 
	{Helou}, G. and {Kennicutt}, Jr., R.~C. and {Moustakas}, J. and 
	{Roussel}, H. and {Sheth}, K. and {Bendo}, G.~J. and {Calzetti}, D. and 
	{Draine}, B.~T. and {Engelbracht}, C.~W. and {Gordon}, K.~D. and 
	{Hollenbach}, D.~J. and {Jarrett}, T.~H. and {Kewley}, L.~J. and 
	{Leitherer}, C. and {Li}, A. and {Malhotra}, S. and {Murphy}, E.~J. and 
	{Walter}, F.},
    title = "{Mid-Infrared Spectral Diagnostics of Nuclear and Extranuclear Regions in Nearby Galaxies}",
  journal = {\apj},
   eprint = {astro-ph/0604007},
 keywords = {Galaxies: Active, Galaxies: Nuclei, ISM: H II Regions, Infrared: Galaxies, Infrared: ISM},
     year = 2006,
    month = jul,
   volume = 646,
    pages = {161-173},
      doi = {10.1086/504835},
   adsurl = {http://adsabs.harvard.edu/abs/2006ApJ...646..161D},
  adsnote = {Provided by the SAO/NASA Astrophysics Data System}
}


@ARTICLE{dale2009,
   author = {{Dale}, D.~A. and {Smith}, J.~D.~T. and {Schlawin}, E.~A. and 
	{Armus}, L. and {Buckalew}, B.~A. and {Cohen}, S.~A. and {Helou}, G. and 
	{Jarrett}, T.~H. and {Johnson}, L.~C. and {Moustakas}, J. and 
	{Murphy}, E.~J. and {Roussel}, H. and {Sheth}, K. and {Staudaher}, S. and 
	{Bot}, C. and {Calzetti}, D. and {Engelbracht}, C.~W. and {Gordon}, K.~D. and 
	{Hollenbach}, D.~J. and {Kennicutt}, R.~C. and {Malhotra}, S.
	},
    title = "{The Spitzer Infrared Nearby Galaxies Survey: A High-Resolution Spectroscopy Anthology}",
  journal = {\apj},
archivePrefix = "arXiv",
   eprint = {0811.4190},
 keywords = {accretion, accretion disks, galaxies: active, galaxies: jets},
     year = 2009,
    month = mar,
   volume = 693,
    pages = {1821-1834},
      doi = {10.1088/0004-637X/693/2/1821},
   adsurl = {http://adsabs.harvard.edu/abs/2009ApJ...693.1821D},
  adsnote = {Provided by the SAO/NASA Astrophysics Data System}
}

@ARTICLE{dale2017,
   author = {{Dale}, D.~A. and {Cook}, D.~O. and {Roussel}, H. and {Turner}, J.~A. and 
	{Armus}, L. and {Bolatto}, A.~D. and {Boquien}, M. and {Brown}, M.~J.~I. and 
	{Calzetti}, D. and {De Looze}, I. and {Galametz}, M. and {Gordon}, K.~D. and 
	{Groves}, B.~A. and {Jarrett}, T.~H. and {Helou}, G. and {Herrera-Camus}, R. and 
	{Hinz}, J.~L. and {Hunt}, L.~K. and {Kennicutt}, R.~C. and {Murphy}, E.~J. and 
	{Rest}, A. and {Sandstrom}, K.~M. and {Smith}, J.-D.~T. and 
	{Tabatabaei}, F.~S. and {Wilson}, C.~D.},
    title = "{Updated 34-band Photometry for the Sings/KINGFISH Samples of Nearby Galaxies}",
  journal = {\apj},
archivePrefix = "arXiv",
   eprint = {1702.05205},
 keywords = {galaxies: photometry, galaxies: ISM, infrared: ISM, ISM: general},
     year = 2017,
    month = mar,
   volume = 837,
      eid = {90},
    pages = {90},
      doi = {10.3847/1538-4357/aa6032},
   adsurl = {http://adsabs.harvard.edu/abs/2017ApJ...837...90D},
  adsnote = {Provided by the SAO/NASA Astrophysics Data System}
}

@ARTICLE{dole2006,
   author = {{Dole}, H. and {Lagache}, G. and {Puget}, J.-L. and {Caputi}, K.~I. and 
	{Fern{\'a}ndez-Conde}, N. and {Le Floc'h}, E. and {Papovich}, C. and 
	{P{\'e}rez-Gonz{\'a}lez}, P.~G. and {Rieke}, G.~H. and {Blaylock}, M.
	},
    title = "{The cosmic infrared background resolved by Spitzer. Contributions of mid-infrared galaxies to the far-infrared background}",
  journal = {\aap},
   eprint = {astro-ph/0603208},
     year = 2006,
    month = may,
   volume = 451,
    pages = {417-429},
      doi = {10.1051/0004-6361:20054446},
   adsurl = {http://adsabs.harvard.edu/abs/2006A%26A...451..417D},
  adsnote = {Provided by the SAO/NASA Astrophysics Data System}
}

@ARTICLE{elmegreen2014,
   author = {{Elmegreen}, D.~M. and {Elmegreen}, B.~G. and {Erroz-Ferrer}, S. and 
	{Knapen}, J.~H. and {Teich}, Y. and {Popinchalk}, M. and {Athanassoula}, E. and 
	{Bosma}, A. and {Comer{\'o}n}, S. and {Efremov}, Y.~N. and {Gadotti}, D.~A. and 
	{Gil de Paz}, A. and {Hinz}, J.~L. and {Ho}, L.~C. and {Holwerda}, B. and 
	{Kim}, T. and {Laine}, J. and {Laurikainen}, E. and {Men{\'e}ndez-Delmestre}, K. and 
	{Mizusawa}, T. and {Mu{\~n}oz-Mateos}, J.-C. and {Regan}, M.~W. and 
	{Salo}, H. and {Seibert}, M. and {Sheth}, K.},
    title = "{Embedded Star Formation in S$^{4}$G Galaxy Dust Lanes}",
  journal = {\apj},
archivePrefix = "arXiv",
   eprint = {1310.7146},
 keywords = {galaxies: spiral, galaxies: star clusters: general, galaxies: star formation, stars: formation},
     year = 2014,
    month = jan,
   volume = 780,
      eid = {32},
    pages = {32},
      doi = {10.1088/0004-637X/780/1/32},
   adsurl = {http://adsabs.harvard.edu/abs/2014ApJ...780...32E},
  adsnote = {Provided by the SAO/NASA Astrophysics Data System}
}

@ARTICLE{gordon2008,
   author = {{Gordon}, K.~D. and {Engelbracht}, C.~W. and {Rieke}, G.~H. and 
	{Misselt}, K.~A. and {Smith}, J.-D.~T. and {Kennicutt}, Jr., R.~C.
	},
    title = "{The Behavior of the Aromatic Features in M101 H II Regions: Evidence for Dust Processing}",
  journal = {\apj},
archivePrefix = "arXiv",
   eprint = {0804.3223},
 keywords = {dust, extinction, galaxies: individual: M101, galaxies: ISM, galaxies: spiral },
     year = 2008,
    month = jul,
   volume = 682,
      eid = {336-354},
    pages = {336-354},
      doi = {10.1086/589567},
   adsurl = {http://adsabs.harvard.edu/abs/2008ApJ...682..336G},
  adsnote = {Provided by the SAO/NASA Astrophysics Data System}
}

@ARTICLE{groves2006,
   author = {{Groves}, B.~A. and {Heckman}, T.~M. and {Kauffmann}, G.},
    title = "{Emission-line diagnostics of low-metallicity active galactic nuclei}",
  journal = {\mnras},
   eprint = {astro-ph/0607311},
 keywords = {galaxies: abundances: galaxies: active: galaxies: Seyfert, galaxies: abundances, galaxies: active, galaxies: Seyfert},
     year = 2006,
    month = oct,
   volume = 371,
    pages = {1559-1569},
      doi = {10.1111/j.1365-2966.2006.10812.x},
   adsurl = {http://cdsads.u-strasbg.fr/abs/2006MNRAS.371.1559G},
  adsnote = {Provided by the SAO/NASA Astrophysics Data System}
}


@ARTICLE{ho1997,
   author = {{Ho}, L.~C. and {Filippenko}, A.~V. and {Sargent}, W.~L.~W. and 
	{Peng}, C.~Y.},
    title = "{A Search for ``Dwarf'' Seyfert Nuclei. IV. Nuclei with Broad H{$\alpha$} Emission}",
  journal = {\apjs},
   eprint = {astro-ph/9704099},
 keywords = {GALAXIES: ACTIVE, GALAXIES: NUCLEI, GALAXIES: SEYFERT, SURVEYS, Galaxies: Active, Galaxies: Nuclei, Galaxies: Seyfert, Surveys},
     year = 1997,
    month = oct,
   volume = 112,
    pages = {391-414},
      doi = {10.1086/313042},
   adsurl = {http://adsabs.harvard.edu/abs/1997ApJS..112..391H},
  adsnote = {Provided by the SAO/NASA Astrophysics Data System}
}

@ARTICLE{honig2017,
   author = {{H{\"o}nig}, S.~F. and {Kishimoto}, M.},
    title = "{Dusty Winds in Active Galactic Nuclei: Reconciling Observations with Models}",
  journal = {\apjl},
archivePrefix = "arXiv",
   eprint = {1703.07781},
 keywords = {galaxies: active, galaxies: individual: NGC3783, infrared: galaxies, radiative transfer },
     year = 2017,
    month = apr,
   volume = 838,
      eid = {L20},
    pages = {L20},
      doi = {10.3847/2041-8213/aa6838},
   adsurl = {http://adsabs.harvard.edu/abs/2017ApJ...838L..20H},
  adsnote = {Provided by the SAO/NASA Astrophysics Data System}
}

@ARTICLE{jensen2017,
   author = {{Jensen}, J.~J. and {H{\"o}nig}, S.~F. and {Rakshit}, S. and 
	{Alonso-Herrero}, A. and {Asmus}, D. and {Gandhi}, P. and {Kishimoto}, M. and 
	{Smette}, A. and {Tristram}, K.~R.~W.},
    title = "{PAH features within few hundred parsecs of active galactic nuclei}",
  journal = {\mnras},
archivePrefix = "arXiv",
   eprint = {1706.04811},
 keywords = {galaxies: active, galaxies: Seyfert, infrared: galaxies},
     year = 2017,
    month = sep,
   volume = 470,
    pages = {3071-3094},
      doi = {10.1093/mnras/stx1447},
   adsurl = {http://adsabs.harvard.edu/abs/2017MNRAS.470.3071J},
  adsnote = {Provided by the SAO/NASA Astrophysics Data System}
}



@ARTICLE{joblin1996,
   author = {{Joblin}, C. and {Tielens}, A.~G.~G.~M. and {Allamandola}, L.~J. and 
	{Geballe}, T.~R.},
    title = "{Spatial Variation of the 3.29 and 3.40 Micron Emission Bands within Reflection Nebulae and the Photochemical Evolution of Methylated Polycyclic Aromatic Hydrocarbons}",
  journal = {\apj},
 keywords = {INFRARED: ISM: LINES AND BANDS, ISM: DUST, EXTINCTION, MOLECULAR PROCESSES, ISM: REFLECTION NEBULAE},
     year = 1996,
    month = feb,
   volume = 458,
    pages = {610},
      doi = {10.1086/176843},
   adsurl = {http://adsabs.harvard.edu/abs/1996ApJ...458..610J},
  adsnote = {Provided by the SAO/NASA Astrophysics Data System}
}

@ARTICLE{johnston1999,
   author = {{Johnston}, K.~V. and {Zhao}, H. and {Spergel}, D.~N. and {Hernquist}, L.
	},
    title = "{Tidal Streams as Probes of the Galactic Potential}",
  journal = {\apjl},
   eprint = {astro-ph/9807243},
 keywords = {GALAXY: FUNDAMENTAL PARAMETERS, GALAXY: HALO, GALAXY: KINEMATICS AND DYNAMICS, GALAXY: STRUCTURE, Galaxy: Fundamental Parameters, Galaxy: Halo, Galaxy: Kinematics and Dynamics, Galaxy: Structure},
     year = 1999,
    month = feb,
   volume = 512,
    pages = {L109-L112},
      doi = {10.1086/311876},
   adsurl = {http://adsabs.harvard.edu/abs/1999ApJ...512L.109J},
  adsnote = {Provided by the SAO/NASA Astrophysics Data System}
}

@ARTICLE{kanarek2017,
   author = {{Kanarek}, G.~C. and {Shara}, M.~M. and {Faherty}, J.~K. and 
	{Zurek}, D. and {Moffat}, A.~F.~J.},
    title = "{A survey for hot central stars of planetary nebulae - I. Methods and first results}",
  journal = {\mnras},
archivePrefix = "arXiv",
   eprint = {1512.09306},
 primaryClass = "astro-ph.SR",
 keywords = {techniques: spectroscopic, stars: emission line, Be, planetary nebulae: general, Galaxy: disc, infrared: stars},
     year = 2017,
    month = feb,
   volume = 465,
    pages = {293-301},
      doi = {10.1093/mnras/stw648},
   adsurl = {http://adsabs.harvard.edu/abs/2017MNRAS.465..293K},
  adsnote = {Provided by the SAO/NASA Astrophysics Data System}
}

@ARTICLE{kennicutt2003,
   author = {{Kennicutt}, Jr., R.~C. and {Armus}, L. and {Bendo}, G. and 
	{Calzetti}, D. and {Dale}, D.~A. and {Draine}, B.~T. and {Engelbracht}, C.~W. and 
	{Gordon}, K.~D. and {Grauer}, A.~D. and {Helou}, G. and {Hollenbach}, D.~J. and 
	{Jarrett}, T.~H. and {Kewley}, L.~J. and {Leitherer}, C. and 
	{Li}, A. and {Malhotra}, S. and {Regan}, M.~W. and {Rieke}, G.~H. and 
	{Rieke}, M.~J. and {Roussel}, H. and {Smith}, J.-D.~T. and {Thornley}, M.~D. and 
	{Walter}, F.},
    title = "{SINGS: The SIRTF Nearby Galaxies Survey}",
  journal = {\pasp},
   eprint = {astro-ph/0305437},
 keywords = {ISM: Dust, Extinction, Galaxies: Evolution, Galaxies: ISM, infrared: galaxies, Stars: Formation, Surveys},
     year = 2003,
    month = aug,
   volume = 115,
    pages = {928-952},
      doi = {10.1086/376941},
   adsurl = {http://adsabs.harvard.edu/abs/2003PASP..115..928K},
  adsnote = {Provided by the SAO/NASA Astrophysics Data System}
}

@ARTICLE{kennicutt2012,
   author = {{Kennicutt}, R.~C. and {Evans}, N.~J.},
    title = "{Star Formation in the Milky Way and Nearby Galaxies}",
  journal = {\araa},
archivePrefix = "arXiv",
   eprint = {1204.3552},
     year = 2012,
    month = sep,
   volume = 50,
    pages = {531-608},
      doi = {10.1146/annurev-astro-081811-125610},
   adsurl = {http://adsabs.harvard.edu/abs/2012ARA%26A..50..531K},
  adsnote = {Provided by the SAO/NASA Astrophysics Data System}
}

@ARTICLE{kim2002,
   author = {{Kim}, W.-T. and {Ostriker}, E.~C. and {Stone}, J.~M.},
    title = "{Three-dimensional Simulations of Parker, Magneto-Jeans, and Swing Instabilities in Shearing Galactic Gas Disks}",
  journal = {\apj},
   eprint = {astro-ph/0208414},
 keywords = {Galaxies: ISM, Instabilities, ISM: Kinematics and Dynamics- ISM: Magnetic Fields, Magnetohydrodynamics: MHD, Stars: Formation},
     year = 2002,
    month = dec,
   volume = 581,
    pages = {1080-1100},
      doi = {10.1086/344367},
   adsurl = {http://adsabs.harvard.edu/abs/2002ApJ...581.1080K},
  adsnote = {Provided by the SAO/NASA Astrophysics Data System}
}

@ARTICLE{kishimoto2007,
   author = {{Kishimoto}, M. and {H{\"o}nig}, S.~F. and {Beckert}, T. and 
	{Weigelt}, G.},
    title = "{The innermost region of AGN tori: implications from the HST/NICMOS type 1 point sources and near-IR reverberation}",
  journal = {\aap},
archivePrefix = "arXiv",
   eprint = {0709.0431},
 keywords = {galaxies: active, techniques: interferometric},
     year = 2007,
    month = dec,
   volume = 476,
    pages = {713-721},
      doi = {10.1051/0004-6361:20077911},
   adsurl = {http://adsabs.harvard.edu/abs/2007A%26A...476..713K},
  adsnote = {Provided by the SAO/NASA Astrophysics Data System}
}


@ARTICLE{koda2009,
   author = {{Koda}, J. and {Scoville}, N. and {Sawada}, T. and {La Vigne}, M.~A. and 
	{Vogel}, S.~N. and {Potts}, A.~E. and {Carpenter}, J.~M. and 
	{Corder}, S.~A. and {Wright}, M.~C.~H. and {White}, S.~M. and 
	{Zauderer}, B.~A. and {Patience}, J. and {Sargent}, A.~I. and 
	{Bock}, D.~C.~J. and {Hawkins}, D. and {Hodges}, M. and {Kemball}, A. and 
	{Lamb}, J.~W. and {Plambeck}, R.~L. and {Pound}, M.~W. and {Scott}, S.~L. and 
	{Teuben}, P. and {Woody}, D.~P.},
    title = "{Dynamically Driven Evolution of the Interstellar Medium in M51}",
  journal = {\apjl},
archivePrefix = "arXiv",
   eprint = {0907.1656},
 primaryClass = "astro-ph.CO",
 keywords = {galaxies: individual: NGC5194 M51, ISM: clouds, ISM: evolution},
     year = 2009,
    month = aug,
   volume = 700,
    pages = {L132-L136},
      doi = {10.1088/0004-637X/700/2/L132},
   adsurl = {http://adsabs.harvard.edu/abs/2009ApJ...700L.132K},
  adsnote = {Provided by the SAO/NASA Astrophysics Data System}
}

@ARTICLE{kruijssen2014,
   author = {{Kruijssen}, J.~M.~D. and {Longmore}, S.~N.},
    title = "{An uncertainty principle for star formation - I. Why galactic star formation relations break down below a certain spatial scale}",
  journal = {\mnras},
archivePrefix = "arXiv",
   eprint = {1401.4459},
 keywords = {stars: formation, ISM: evolution, galaxies: evolution, galaxies: ISM, galaxies: stellar content},
     year = 2014,
    month = apr,
   volume = 439,
    pages = {3239-3252},
      doi = {10.1093/mnras/stu098},
   adsurl = {http://adsabs.harvard.edu/abs/2014MNRAS.439.3239K},
  adsnote = {Provided by the SAO/NASA Astrophysics Data System}
}



@ARTICLE{lavigne2006,
   author = {{La Vigne}, M.~A. and {Vogel}, S.~N. and {Ostriker}, E.~C.},
    title = "{A Hubble Space Telescope Archival Survey of Feathers in Spiral Galaxies}",
  journal = {\apj},
   eprint = {astro-ph/0606761},
 keywords = {Galaxies: ISM, Galaxies: Spiral, Galaxies: Structure, Surveys},
     year = 2006,
    month = oct,
   volume = 650,
    pages = {818-834},
      doi = {10.1086/506589},
   adsurl = {http://adsabs.harvard.edu/abs/2006ApJ...650..818L},
  adsnote = {Provided by the SAO/NASA Astrophysics Data System}
}

@ARTICLE{2014MNRAS.443.2650L,
   author = {{Lee}, J.-J. and {Koo}, B.-C. and {Lee}, Y.-H. and {Lee}, H.-G. and 
	{Shinn}, J.-H. and {Kim}, H.-J. and {Kim}, Y. and {Pyo}, T.-S. and 
	{Moon}, D.-S. and {Yoon}, S.-C. and {Chun}, M.-Y. and {Froebrich}, D. and 
	{Davis}, C.~J. and {Varricatt}, W.~P. and {Kyeong}, J. and {Hwang}, N. and 
	{Park}, B.-G. and {Lee}, M.~G. and {Lee}, H.~M. and {Ishiguro}, M.
	},
    title = "{UKIRT Widefield Infrared Survey for Fe$^{+}$}",
  journal = {\mnras},
archivePrefix = "arXiv",
   eprint = {1406.4271},
 keywords = {circumstellar matter, stars: formation, ISM: individual: Galactic plane, ISM: jets and outflows, ISM: kinematics and dynamics, planetary nebulae: general, ISM: supernova remnants, infrared: ISM, infrared: stars},
     year = 2014,
    month = sep,
   volume = 443,
    pages = {2650-2660},
      doi = {10.1093/mnras/stu1146},
   adsurl = {http://adsabs.harvard.edu/abs/2014MNRAS.443.2650L},
  adsnote = {Provided by the SAO/NASA Astrophysics Data System}
}


@ARTICLE{lopez2011,
   author = {{Lopez}, L.~A. and {Krumholz}, M.~R. and {Bolatto}, A.~D. and 
	{Prochaska}, J.~X. and {Ramirez-Ruiz}, E.},
    title = "{What Drives the Expansion of Giant H II Regions?: A Study of Stellar Feedback in 30 Doradus}",
  journal = {\apj},
archivePrefix = "arXiv",
   eprint = {1008.2383},
 primaryClass = "astro-ph.SR",
 keywords = {galaxies: star clusters: general, H II regions, ISM: individual objects: 30 Doradus, ISM: kinematics and dynamics, stars: formation, stars: massive},
     year = 2011,
    month = apr,
   volume = 731,
      eid = {91},
    pages = {91},
      doi = {10.1088/0004-637X/731/2/91},
   adsurl = {http://adsabs.harvard.edu/abs/2011ApJ...731...91L},
  adsnote = {Provided by the SAO/NASA Astrophysics Data System}
}

@ARTICLE{lopez2014,
   author = {{Lopez}, L.~A. and {Krumholz}, M.~R. and {Bolatto}, A.~D. and 
	{Prochaska}, J.~X. and {Ramirez-Ruiz}, E. and {Castro}, D.},
    title = "{The Role of Stellar Feedback in the Dynamics of H II Regions}",
  journal = {\apj},
archivePrefix = "arXiv",
   eprint = {1309.5421},
 primaryClass = "astro-ph.SR",
 keywords = {galaxies: star clusters: general, H II regions, stars: formation},
     year = 2014,
    month = nov,
   volume = 795,
      eid = {121},
    pages = {121},
      doi = {10.1088/0004-637X/795/2/121},
   adsurl = {http://adsabs.harvard.edu/abs/2014ApJ...795..121L},
  adsnote = {Provided by the SAO/NASA Astrophysics Data System}
}

@ARTICLE{matsuura2009,
   author = {{Matsuura}, M. and {Barlow}, M.~J. and {Zijlstra}, A.~A. and 
	{Whitelock}, P.~A. and {Cioni}, M.-R.~L. and {Groenewegen}, M.~A.~T. and 
	{Volk}, K. and {Kemper}, F. and {Kodama}, T. and {Lagadec}, E. and 
	{Meixner}, M. and {Sloan}, G.~C. and {Srinivasan}, S.},
    title = "{The global gas and dust budget of the Large Magellanic Cloud: AGB stars and supernovae, and the impact on the ISM evolution}",
  journal = {\mnras},
archivePrefix = "arXiv",
   eprint = {0903.1123},
 keywords = {stars: AGB and post-AGB , stars: mass-loss , supernovae: general , dust, extinction , galaxies: evolution , galaxies: individual: the Magellanic Clouds},
     year = 2009,
    month = jun,
   volume = 396,
    pages = {918-934},
      doi = {10.1111/j.1365-2966.2009.14743.x},
   adsurl = {http://adsabs.harvard.edu/abs/2009MNRAS.396..918M},
  adsnote = {Provided by the SAO/NASA Astrophysics Data System}
}


%\bibitem[McQuinn et al.(2016)]{mcquinn2016} McQuinn, K.~B.~W., Skillman, E.~D., Dolphin, A.~E., Berg, D., \& Kennicutt, R.\ 2016, \apj, 826, 21 
@ARTICLE{mcquinn2016,
   author = {{McQuinn}, K.~B.~W. and {Skillman}, E.~D. and {Dolphin}, A.~E. and 
	{Berg}, D. and {Kennicutt}, R.},
    title = "{The Distance to M51}",
  journal = {\apj},
archivePrefix = "arXiv",
   eprint = {1606.04120},
 keywords = {galaxies: spiral, galaxies: distances and redshifts, Hertzsprung{\ndash}Russell and C{\ndash}M diagrams},
     year = 2016,
    month = jul,
    volume = 826,
      eid = {21},
    pages = {21},
      doi = {10.3847/0004-637X/826/1/21},
   adsurl = {http://adsabs.harvard.edu/abs/2016ApJ...826...21M},
  adsnote = {Provided by the SAO/NASA Astrophysics Data System}
}

@ARTICLE{meidt2015,
   author = {{Meidt}, S.~E. and {Hughes}, A. and {Dobbs}, C.~L. and {Pety}, J. and 
	{Thompson}, T.~A. and {Garc{\'{\i}}a-Burillo}, S. and {Leroy}, A.~K. and 
	{Schinnerer}, E. and {Colombo}, D. and {Querejeta}, M. and {Kramer}, C. and 
	{Schuster}, K.~F. and {Dumas}, G.},
    title = "{Short GMC Lifetimes: An Observational Estimate with the PdBI Arcsecond Whirlpool Survey (PAWS)}",
  journal = {\apj},
archivePrefix = "arXiv",
   eprint = {1504.04528},
 keywords = {galaxies: individual: M51, ISM: clouds, ISM: kinematics and dynamics},
     year = 2015,
    month = jun,
   volume = 806,
      eid = {72},
    pages = {72},
      doi = {10.1088/0004-637X/806/1/72},
   adsurl = {http://adsabs.harvard.edu/abs/2015ApJ...806...72M},
  adsnote = {Provided by the SAO/NASA Astrophysics Data System}
}

@ARTICLE{messenger2013,
   author = {{Messenger}, S.~J. and {Speck}, A. and {Volk}, K.},
    title = "{Probing the ``30 {$\mu$}m'' Feature: Lessons from Extreme Carbon Stars}",
  journal = {\apj},
 keywords = {circumstellar matter, dust, extinction, infrared: stars, stars: AGB and post-AGB, stars: carbon },
     year = 2013,
    month = feb,
   volume = 764,
      eid = {142},
    pages = {142},
      doi = {10.1088/0004-637X/764/2/142},
   adsurl = {http://adsabs.harvard.edu/abs/2013ApJ...764..142M},
  adsnote = {Provided by the SAO/NASA Astrophysics Data System}
}


@ARTICLE{pasquali2002,
   author = {{Pasquali}, A. and {Comer{\'o}n}, F. and {Gredel}, R. and {Torra}, J. and 
	{Figueras}, F.},
    title = "{A new Wolf-Rayet star in Cygnus}",
  journal = {\aap},
   eprint = {astro-ph/0210179},
 keywords = {stars: emission line, Be, stars: fundamental parameters, stars: Wolf-Rayet, Galaxy: open clusters and associations: general},
     year = 2002,
    month = dec,
   volume = 396,
    pages = {533-538},
      doi = {10.1051/0004-6361:20021373},
   adsurl = {http://adsabs.harvard.edu/abs/2002A%26A...396..533P},
  adsnote = {Provided by the SAO/NASA Astrophysics Data System}
}

@ARTICLE{pillepich2014,
   author = {{Pillepich}, A. and {Vogelsberger}, M. and {Deason}, A. and 
	{Rodriguez-Gomez}, V. and {Genel}, S. and {Nelson}, D. and {Torrey}, P. and 
	{Sales}, L.~V. and {Marinacci}, F. and {Springel}, V. and {Sijacki}, D. and 
	{Hernquist}, L.},
    title = "{Halo mass and assembly history exposed in the faint outskirts: the stellar and dark matter haloes of Illustris galaxies}",
  journal = {\mnras},
archivePrefix = "arXiv",
   eprint = {1406.1174},
 keywords = {methods: numerical, Galaxy: formation, Galaxy: halo, galaxies: formation, galaxies: haloes},
     year = 2014,
    month = oct,
   volume = 444,
    pages = {237-249},
      doi = {10.1093/mnras/stu1408},
   adsurl = {http://adsabs.harvard.edu/abs/2014MNRAS.444..237P},
  adsnote = {Provided by the SAO/NASA Astrophysics Data System}
}


@ARTICLE{querejeta2016,
   author = {{Querejeta}, M. and {Schinnerer}, E. and {Garc{\'{\i}}a-Burillo}, S. and 
	{Bigiel}, F. and {Blanc}, G.~A. and {Colombo}, D. and {Hughes}, A. and 
	{Kreckel}, K. and {Leroy}, A.~K. and {Meidt}, S.~E. and {Meier}, D.~S. and 
	{Pety}, J. and {Sliwa}, K.},
    title = "{AGN feedback in the nucleus of M 51}",
  journal = {\aap},
archivePrefix = "arXiv",
   eprint = {1607.00010},
 keywords = {galaxies: ISM, galaxies: active, galaxies: Seyfert, galaxies: structure, galaxies: jets},
     year = 2016,
    month = oct,
   volume = 593,
      eid = {A118},
    pages = {A118},
      doi = {10.1051/0004-6361/201628674},
   adsurl = {http://adsabs.harvard.edu/abs/2016A%26A...593A.118Q},
  adsnote = {Provided by the SAO/NASA Astrophysics Data System}
}

@ARTICLE{roussel2007,
   author = {{Roussel}, H. and {Helou}, G. and {Hollenbach}, D.~J. and {Draine}, B.~T. and 
	{Smith}, J.~D. and {Armus}, L. and {Schinnerer}, E. and {Walter}, F. and 
	{Engelbracht}, C.~W. and {Thornley}, M.~D. and {Kennicutt}, R.~C. and 
	{Calzetti}, D. and {Dale}, D.~A. and {Murphy}, E.~J. and {Bot}, C.
	},
    title = "{Warm Molecular Hydrogen in the Spitzer SINGS Galaxy Sample}",
  journal = {\apj},
archivePrefix = "arXiv",
   eprint = {0707.0395},
 keywords = {Galaxies: ISM, Infrared: Galaxies, Infrared: ISM, ISM: Lines and Bands, ISM: Molecules, Surveys},
     year = 2007,
    month = nov,
   volume = 669,
    pages = {959-981},
      doi = {10.1086/521667},
   adsurl = {http://adsabs.harvard.edu/abs/2007ApJ...669..959R},
  adsnote = {Provided by the SAO/NASA Astrophysics Data System}
}

@ARTICLE{sandstrom2009,
   author = {{Sandstrom}, K.~M. and {Bolatto}, A.~D. and {Stanimirovi{\'c}}, S. and 
	{van Loon}, J.~T. and {Smith}, J.~D.~T.},
    title = "{Measuring Dust Production in the Small Magellanic Cloud Core-Collapse Supernova Remnant 1E 0102.2-7219}",
  journal = {\apj},
archivePrefix = "arXiv",
   eprint = {0810.2803},
 keywords = {dust, extinction, infrared: ISM, supernova remnants},
     year = 2009,
    month = may,
   volume = 696,
    pages = {2138-2154},
      doi = {10.1088/0004-637X/696/2/2138},
   adsurl = {http://adsabs.harvard.edu/abs/2009ApJ...696.2138S},
  adsnote = {Provided by the SAO/NASA Astrophysics Data System}
}

@ARTICLE{scharwachter2013,
   author = {{Scharw{\"a}chter}, J. and {McGregor}, P.~J. and {Dopita}, M.~A. and 
	{Beck}, T.~L.},
    title = "{Kinematics and excitation of the molecular hydrogen accretion disc in NGC 1275}",
  journal = {\mnras},
archivePrefix = "arXiv",
   eprint = {1211.6750},
 keywords = {galaxies: active, galaxies: general, galaxies: individual: NGC 1275, galaxies: nuclei},
     year = 2013,
    month = mar,
   volume = 429,
    pages = {2315-2332},
      doi = {10.1093/mnras/sts502},
   adsurl = {http://adsabs.harvard.edu/abs/2013MNRAS.429.2315S},
  adsnote = {Provided by the SAO/NASA Astrophysics Data System}
}

@ARTICLE{schinnerer2013,
   author = {{Schinnerer}, E. and {Meidt}, S.~E. and {Pety}, J. and {Hughes}, A. and 
	{Colombo}, D. and {Garc{\'{\i}}a-Burillo}, S. and {Schuster}, K.~F. and 
	{Dumas}, G. and {Dobbs}, C.~L. and {Leroy}, A.~K. and {Kramer}, C. and 
	{Thompson}, T.~A. and {Regan}, M.~W.},
    title = "{The PdBI Arcsecond Whirlpool Survey (PAWS). I. A Cloud-scale/Multi-wavelength View of the Interstellar Medium in a Grand-design Spiral Galaxy}",
  journal = {\apj},
archivePrefix = "arXiv",
   eprint = {1304.1801},
 keywords = {galaxies: individual: NGC 5194, galaxies: ISM},
     year = 2013,
    month = dec,
   volume = 779,
      eid = {42},
    pages = {42},
      doi = {10.1088/0004-637X/779/1/42},
   adsurl = {http://adsabs.harvard.edu/abs/2013ApJ...779...42S},
  adsnote = {Provided by the SAO/NASA Astrophysics Data System}
}

@ARTICLE{schinnerer2017,
   author = {{Schinnerer}, E. and {Meidt}, S.~E. and {Colombo}, D. and {Chandar}, R. and 
	{Dobbs}, C.~L. and {Garc{\'{\i}}a-Burillo}, S. and {Hughes}, A. and 
	{Leroy}, A.~K. and {Pety}, J. and {Querejeta}, M. and {Kramer}, C. and 
	{Schuster}, K.~F.},
    title = "{The PdBI Arcsecond Whirlpool Survey (PAWS): The Role of Spiral Arms in Cloud and Star Formation}",
  journal = {\apj},
archivePrefix = "arXiv",
   eprint = {1701.02184},
 keywords = {galaxies: individual: M51a, NGC 5194, galaxies: ISM},
     year = 2017,
    month = feb,
   volume = 836,
      eid = {62},
    pages = {62},
      doi = {10.3847/1538-4357/836/1/62},
   adsurl = {http://adsabs.harvard.edu/abs/2017ApJ...836...62S},
  adsnote = {Provided by the SAO/NASA Astrophysics Data System}
}

@ARTICLE{schuster2007,
   author = {{Schuster}, K.~F. and {Kramer}, C. and {Hitschfeld}, M. and 
	{Garcia-Burillo}, S. and {Mookerjea}, B.},
    title = "{A complete $^{12}$CO 2-1 map of M 51 with HERA. I. Radial averages of CO, H{\thinsp}I, and radio continuum}",
  journal = {\aap},
   eprint = {astro-ph/0609670},
 keywords = {galaxies: evolution, galaxies: individual: M 51, galaxies: ISM, galaxies: spiral, galaxies: structure},
     year = 2007,
    month = jan,
   volume = 461,
    pages = {143-151},
      doi = {10.1051/0004-6361:20065579},
   adsurl = {http://adsabs.harvard.edu/abs/2007A%26A...461..143S},
  adsnote = {Provided by the SAO/NASA Astrophysics Data System}
}

@ARTICLE{schirm2017,
   author = {{Schirm}, M.~R.~P. and {Wilson}, C.~D. and {Kamenetzky}, J. and 
	{Parkin}, T.~J. and {Glenn}, J. and {Maloney}, P. and {Rangwala}, N. and 
	{Spinoglio}, L. and {Baes}, M. and {Boselli}, A. and {Cooray}, A. and 
	{De Looze}, I. and {Fern{\'a}ndez-Ontiveros}, J.~A. and {Karczewski}, O.~{\L}. and 
	{Wu}, R.},
    title = "{Probing the cold and warm molecular gas in the Whirlpool Galaxy: Herschel SPIRE-FTS observations of the central region of M51 (NGC 5194)}",
  journal = {\mnras},
archivePrefix = "arXiv",
   eprint = {1707.01973},
 keywords = {ISM: molecules, galaxies: individual: NGC 5194, galaxies: ISM},
     year = 2017,
    month = oct,
   volume = 470,
    pages = {4989-5006},
      doi = {10.1093/mnras/stx1554},
   adsurl = {http://adsabs.harvard.edu/abs/2017MNRAS.470.4989S},
  adsnote = {Provided by the SAO/NASA Astrophysics Data System}
}

@ARTICLE{scoville2001,
   author = {{Scoville}, N.~Z. and {Polletta}, M. and {Ewald}, S. and {Stolovy}, S.~R. and 
	{Thompson}, R. and {Rieke}, M.},
    title = "{High-Mass, OB Star Formation in M51: Hubble Space Telescope H{$\alpha$} and Pa{$\alpha$} Imaging}",
  journal = {\aj},
   eprint = {astro-ph/0108248},
 keywords = {Galaxies: ISM, Galaxies: Spiral, ISM: H II Regions, Stars: Early-Type},
     year = 2001,
    month = dec,
   volume = 122,
    pages = {3017-3045},
      doi = {10.1086/323445},
   adsurl = {http://adsabs.harvard.edu/abs/2001AJ....122.3017S},
  adsnote = {Provided by the SAO/NASA Astrophysics Data System}
}

@ARTICLE{silk2013,
   author = {{Silk}, J.},
    title = "{Unleashing Positive Feedback: Linking the Rates of Star Formation, Supermassive Black Hole Accretion, and Outflows in Distant Galaxies}",
  journal = {\apj},
archivePrefix = "arXiv",
   eprint = {1305.5840},
 keywords = {galaxies: active, galaxies: evolution, galaxies: star formation, Galaxy: formation },
     year = 2013,
    month = aug,
   volume = 772,
      eid = {112},
    pages = {112},
      doi = {10.1088/0004-637X/772/2/112},
   adsurl = {http://adsabs.harvard.edu/abs/2013ApJ...772..112S},
  adsnote = {Provided by the SAO/NASA Astrophysics Data System}
}


@ARTICLE{smajic2015,
   author = {{Smaji{\'c}}, S. and {Moser}, L. and {Eckart}, A. and {Busch}, G. and 
	{Combes}, F. and {Garc{\'{\i}}a-Burillo}, S. and {Valencia-S.}, M. and 
	{Horrobin}, M.},
    title = "{The nuclear gas disk of NGC 1566 dissected by SINFONI and ALMA}",
  journal = {\aap},
archivePrefix = "arXiv",
   eprint = {1508.02664},
 keywords = {galaxies: active, galaxies: individual: NGC 1566, galaxies: ISM, galaxies: nuclei, infrared: galaxies, galaxies: kinematics and dynamics},
     year = 2015,
    month = nov,
   volume = 583,
      eid = {A104},
    pages = {A104},
      doi = {10.1051/0004-6361/201424850},
   adsurl = {http://adsabs.harvard.edu/abs/2015A%26A...583A.104S},
  adsnote = {Provided by the SAO/NASA Astrophysics Data System}
}


@ARTICLE{smith2007,
   author = {{Smith}, J.~D.~T. and {Draine}, B.~T. and {Dale}, D.~A. and 
	{Moustakas}, J. and {Kennicutt}, Jr., R.~C. and {Helou}, G. and 
	{Armus}, L. and {Roussel}, H. and {Sheth}, K. and {Bendo}, G.~J. and 
	{Buckalew}, B.~A. and {Calzetti}, D. and {Engelbracht}, C.~W. and 
	{Gordon}, K.~D. and {Hollenbach}, D.~J. and {Li}, A. and {Malhotra}, S. and 
	{Murphy}, E.~J. and {Walter}, F.},
    title = "{The Mid-Infrared Spectrum of Star-forming Galaxies: Global Properties of Polycyclic Aromatic Hydrocarbon Emission}",
  journal = {\apj},
   eprint = {astro-ph/0610913},
 keywords = {Galaxies: Active, Galaxies: ISM, Infrared: Galaxies, Techniques: Spectroscopic},
     year = 2007,
    month = feb,
   volume = 656,
    pages = {770-791},
      doi = {10.1086/510549},
   adsurl = {http://adsabs.harvard.edu/abs/2007ApJ...656..770S},
  adsnote = {Provided by the SAO/NASA Astrophysics Data System}
}

@ARTICLE{sokal2016,
   author = {{Sokal}, K.~R. and {Johnson}, K.~E. and {Indebetouw}, R. and 
	{Massey}, P.},
    title = "{The Prevalence and Impact of Wolf-Rayet Stars in Emerging Massive Star Clusters}",
  journal = {\apj},
archivePrefix = "arXiv",
   eprint = {1605.08044},
 keywords = {galaxies: star clusters: general, galaxies: star formation, H ii regions, stars: Wolf{\ndash}Rayet},
     year = 2016,
    month = aug,
   volume = 826,
      eid = {194},
    pages = {194},
      doi = {10.3847/0004-637X/826/2/194},
   adsurl = {http://adsabs.harvard.edu/abs/2016ApJ...826..194S},
  adsnote = {Provided by the SAO/NASA Astrophysics Data System}
}

@ARTICLE{srinivasan2016,
   author = {{Srinivasan}, S. and {Boyer}, M.~L. and {Kemper}, F. and {Meixner}, M. and 
	{Sargent}, B.~A. and {Riebel}, D.},
    title = "{The evolved-star dust budget of the Small Magellanic Cloud: the critical role of a few key players}",
  journal = {\mnras},
archivePrefix = "arXiv",
   eprint = {1601.04710},
 primaryClass = "astro-ph.SR",
 keywords = {stars: AGB and post-AGB, stars: carbon, stars: mass-loss, supergiants, Magellanic Clouds},
     year = 2016,
    month = apr,
   volume = 457,
    pages = {2814-2838},
      doi = {10.1093/mnras/stw155},
   adsurl = {http://adsabs.harvard.edu/abs/2016MNRAS.457.2814S},
  adsnote = {Provided by the SAO/NASA Astrophysics Data System}
}

@ARTICLE{sturm2000,
   author = {{Sturm}, E. and {Lutz}, D. and {Tran}, D. and {Feuchtgruber}, H. and 
	{Genzel}, R. and {Kunze}, D. and {Moorwood}, A.~F.~M. and {Thornley}, M.~D.
	},
    title = "{ISO-SWS spectra of galaxies: Continuum and features}",
  journal = {\aap},
   eprint = {astro-ph/0002195},
 keywords = {GALAXIES: INDIVIDUAL: M 82, GALAXIES: INDIVIDUAL: NGC 253, GALAXIES: INDIVIDUAL: CIRCINUS, GALAXIES: INDIVIDUAL: NGC 1068, INFRARED: ISM: LINES AND BANDS, INFRARED: ISM: CONTINUUM},
     year = 2000,
    month = jun,
   volume = 358,
    pages = {481-493},
   adsurl = {http://cdsads.u-strasbg.fr/abs/2000A%26A...358..481S},
  adsnote = {Provided by the SAO/NASA Astrophysics Data System}
}


@ARTICLE{terashima2004,
   author = {{Terashima}, Y. and {Wilson}, A.~S.},
    title = "{The Luminous X-Ray Source Population in M51 Observed with Chandra}",
  journal = {\apj},
   eprint = {astro-ph/0305563},
 keywords = {Accretion, Accretion Disks, Galaxies: Active, Galaxies: Individual: Messier Number: M51, X-Rays: Binaries, X-Rays: Galaxies},
     year = 2004,
    month = feb,
   volume = 601,
    pages = {735-758},
      doi = {10.1086/380505},
   adsurl = {http://adsabs.harvard.edu/abs/2004ApJ...601..735T},
  adsnote = {Provided by the SAO/NASA Astrophysics Data System}
}

@ARTICLE{togi2016,
   author = {{Togi}, A. and {Smith}, J.~D.~T.},
    title = "{Lighting the Dark Molecular Gas: H$_{2}$ as a Direct Tracer}",
  journal = {\apj},
archivePrefix = "arXiv",
   eprint = {1607.08036},
 keywords = {galaxies: ISM, infrared: ISM, ISM: molecules },
     year = 2016,
    month = oct,
   volume = 830,
      eid = {18},
    pages = {18},
      doi = {10.3847/0004-637X/830/1/18},
   adsurl = {http://adsabs.harvard.edu/abs/2016ApJ...830...18T},
  adsnote = {Provided by the SAO/NASA Astrophysics Data System}
}

@ARTICLE{yamagishi2012,
   author = {{Yamagishi}, M. and {Kaneda}, H. and {Ishihara}, D. and {Kondo}, T. and 
	{Onaka}, T. and {Suzuki}, T. and {Minh}, Y.~C.},
    title = "{AKARI near-infrared spectroscopy of the aromatic and aliphatic hydrocarbon emission features in the galactic superwind of M 82}",
  journal = {\aap},
archivePrefix = "arXiv",
   eprint = {1203.2794},
 keywords = {ISM: jets and outflows, ISM: lines and bands, galaxies: individual: M 82, galaxies: starburst, infrared: galaxies},
     year = 2012,
    month = may,
   volume = 541,
      eid = {A10},
    pages = {A10},
      doi = {10.1051/0004-6361/201218904},
   adsurl = {http://adsabs.harvard.edu/abs/2012A%26A...541A..10Y},
  adsnote = {Provided by the SAO/NASA Astrophysics Data System}
}


@ARTICLE{walter2008,
   author = {{Walter}, F. and {Brinks}, E. and {de Blok}, W.~J.~G. and {Bigiel}, F. and 
	{Kennicutt}, Jr., R.~C. and {Thornley}, M.~D. and {Leroy}, A.
	},
    title = "{THINGS: The H I Nearby Galaxy Survey}",
  journal = {\aj},
archivePrefix = "arXiv",
   eprint = {0810.2125},
 keywords = {galaxies: ISM, galaxies: structure, ISM: atoms, ISM: general, radio lines: galaxies, surveys},
     year = 2008,
    month = dec,
   volume = 136,
      eid = {2563-2647},
    pages = {2563-2647},
      doi = {10.1088/0004-6256/136/6/2563},
   adsurl = {http://adsabs.harvard.edu/abs/2008AJ....136.2563W},
  adsnote = {Provided by the SAO/NASA Astrophysics Data System}
}

@ARTICLE{weingartner2001,
   author = {{Weingartner}, J.~C. and {Draine}, B.~T.},
    title = "{Photoelectric Emission from Interstellar Dust: Grain Charging and Gas Heating}",
  journal = {\apjs},
   eprint = {astro-ph/9907251},
 keywords = {ISM: Dust, Extinction- ISM: H II Regions, ISM: Clouds},
     year = 2001,
    month = jun,
   volume = 134,
    pages = {263-281},
      doi = {10.1086/320852},
   adsurl = {http://adsabs.harvard.edu/abs/2001ApJS..134..263W},
  adsnote = {Provided by the SAO/NASA Astrophysics Data System}
}

@ARTICLE{yeh2015,
   author = {{Yeh}, S.~C.~C. and {Seaquist}, E.~R. and {Matzner}, C.~D. and 
	{Pellegrini}, E.~W.},
    title = "{Molecular and Ionized Hydrogen in 30 Doradus. I. Imaging Observations}",
  journal = {\apj},
archivePrefix = "arXiv",
   eprint = {1504.04951},
 keywords = {H ii regions, infrared: ISM, ISM: bubbles, ISM: molecules, Magellanic Clouds, photon-dominated region: PDR},
     year = 2015,
    month = jul,
   volume = 807,
      eid = {117},
    pages = {117},
      doi = {10.1088/0004-637X/807/2/117},
   adsurl = {http://cdsads.u-strasbg.fr/abs/2015ApJ...807..117Y},
  adsnote = {Provided by the SAO/NASA Astrophysics Data System}
}

